<collection xmlns="http://www.loc.gov/MARC21/slim">
<record>
  <leader>01875nam0a2200301 i 450 </leader>
  <controlfield tag="001">IT\ICCU\CNCE\020025</controlfield>
  <controlfield tag="005">20071128000000.0</controlfield>
  <datafield tag="012" ind1=" " ind2=" ">
    <subfield code="a">ono- r.m. a.di sete (3) 1578 (R)</subfield>
    <subfield code="2">fei</subfield>
  </datafield>
  <datafield tag="100" ind1=" " ind2=" ">
    <subfield code="a">19970101d1578        0itac0103    ba</subfield>
  </datafield>
  <datafield tag="101" ind1=" " ind2=" ">
    <subfield code="a">LAT</subfield>
  </datafield>
  <datafield tag="102" ind1=" " ind2=" ">
    <subfield code="a">IT</subfield>
  </datafield>
  <datafield tag="200" ind1="1" ind2=" ">
    <subfield code="a">Summa aurea armilla nuncupata, casus omnes ad animarum curam attinentes, breuiter complectens. A reuer. p.f. Bartholomaeo Fumo Villauren. Placentino, Ord. praed. ac haereticae prauit. inquisitore, edita. Summarijs, singulis titulis praefixis, aucta; decisionibusque Sacros. Concil. Trid. in marginibus annotatis, illustrata; triplici adiecto indice. Quorum primus doctores, alter titulos, postremus vero digniora notatu, quae obiter tractantur, ostendunt. Omnia hac postrema editione castigatoria \!! reddita</subfield>
  </datafield>
  <datafield tag="210" ind1=" " ind2=" ">
    <subfield code="a">Venetiis</subfield>
    <subfield code="c">ex officina haeredum Melchioris Sessae</subfield>
    <subfield code="d">1578</subfield>
  </datafield>
  <datafield tag="215" ind1=" " ind2=" ">
    <subfield code="a">\48!, 1188, \4! p.</subfield>
    <subfield code="d">8ʻ</subfield>
  </datafield>
  <datafield tag="620" ind1=" " ind2=" ">
    <subfield code="a">IT</subfield>
    <subfield code="d">Venezia</subfield>
  </datafield>
  <datafield tag="700" ind1=" " ind2="1">
    <subfield code="a">Fumo,</subfield>
    <subfield code="b">Bartolomeo</subfield>
    <subfield code="3">IT\ICCU\CNCA\005611</subfield>
  </datafield>
  <datafield tag="712" ind1="0" ind2="0">
    <subfield code="a">Sessa, Melchiorre</subfield>
    <subfield code="c"> &lt;1.&gt; - eredi</subfield>
    <subfield code="3">IT\ICCU\CNCT\000242</subfield>
    <subfield code="4">650</subfield>
  </datafield>
  <datafield tag="790" ind1=" " ind2="1">
    <subfield code="a">Fumus,</subfield>
    <subfield code="b">Bartholomaeus</subfield>
    <subfield code="3">IT\ICCU\CNCA\019242</subfield>
    <subfield code="z">Fumo, Bartolomeo</subfield>
  </datafield>
  <datafield tag="790" ind1=" " ind2="1">
    <subfield code="a">Fumi,</subfield>
    <subfield code="b">Bartolommeo</subfield>
    <subfield code="3">IT\ICCU\CNCA\019243</subfield>
    <subfield code="z">Fumo, Bartolomeo</subfield>
  </datafield>
  <datafield tag="801" ind1=" " ind2="3">
    <subfield code="a">IT</subfield>
    <subfield code="b">ICCU</subfield>
    <subfield code="c">20201114</subfield>
  </datafield>
  <datafield tag="899" ind1=" " ind2=" ">
    <subfield code="a">Biblioteca comunale Luciano Benincasa. Ancona</subfield>
    <subfield code="1">AN0001</subfield>
    <subfield code="2">URB BA</subfield>
  </datafield>
  <datafield tag="899" ind1=" " ind2=" ">
    <subfield code="a">Biblioteca comunale Francesco Piccinno. Maglie</subfield>
    <subfield code="1">LE0108</subfield>
    <subfield code="2">LEK S5</subfield>
  </datafield>
  <datafield tag="899" ind1=" " ind2=" ">
    <subfield code="a">Biblioteca nazionale Braidense. Milano</subfield>
    <subfield code="1">MI0185</subfield>
    <subfield code="2">MIL NB</subfield>
  </datafield>
  <datafield tag="899" ind1=" " ind2=" ">
    <subfield code="a">Biblioteca comunale. Assisi</subfield>
    <subfield code="1">PG0001</subfield>
    <subfield code="2">UM1 10</subfield>
  </datafield>
  <datafield tag="899" ind1=" " ind2=" ">
    <subfield code="a">Biblioteca del Monastero benedettino Santa Caterina di Alessandria. Fondo Cappuccini. Cittaducale</subfield>
    <subfield code="1">RI0168</subfield>
    <subfield code="2">ZRI 09</subfield>
  </datafield>
  <datafield tag="899" ind1=" " ind2=" ">
    <subfield code="a">Biblioteca comunale. Treviso</subfield>
    <subfield code="1">TV0114</subfield>
    <subfield code="2">VIA CT</subfield>
  </datafield>
  <datafield tag="911" ind1=" " ind2=" ">
    <subfield code="a">Sul front.</subfield>
    <subfield code="9">IT\ICCU\CNCM\001244</subfield>
  </datafield>
  <datafield tag="921" ind1=" " ind2=" ">
    <subfield code="a">IT\ICCU\CNCM\001244</subfield>
    <subfield code="b">Gatto con topo in bocca. In cornice figurata.</subfield>
    <subfield code="c">U244</subfield>
    <subfield code="d">Dimensioni: 2,4 x 2,7</subfield>
    <subfield code="f">GATTO</subfield>
    <subfield code="f">TOPO</subfield>
    <subfield code="g">1570-1587</subfield>
  </datafield>
</record>
</collection>
